% This file was created with JabRef 2.10.
% Encoding: UTF-8


@String { Academic            = {Academic Press} }
@String { ACMMathSoft         = {{ACM} Transactions on Mathematical Software} }
@String { ACMPress            = {{ACM} Press} }
@String { AdamHilger          = {Adam Hilger} }
@String { AddisonWesley       = {Addison-Wesley} }
@String { AllynBacon          = {Allyn and Bacon} }
@String { AmerMathMonthly     = {American Mathematical Monthly} }
@String { AmerSocio           = {American Journal of Sociology} }
@String { AmerStatAssoc       = {Journal of the American Statistical Association} }
@String { AMS                 = {American Mathematical Society} }
@String { AMSTrans            = {American Mathematical Society Translations} }
@String { ApplMathComp        = {Applied Mathematics and Computation} }
@String { Birkhauser          = {Birkha{\"u}ser} }
@String { BIT                 = {{BIT}} }
@String { BritStatPsych       = {British Journal of Mathematical and Statistical
 Psychology} }
@String { BullAMS             = {Bulletin of the American Mathematical Society} }
@String { CACM                = {Communications of the {ACM}} }
@String { CambridgePress      = {Cambridge University Press} }
@String { CanMathBull         = {Canadian Mathematical Bulletin} }
@String { Chelsea             = {Chelsea} }
@String { ClaredonPress       = {Claredon Press} }
@String { CompApplMath        = {Journal of Computational and Applied Mathematics} }
@String { CompJour            = {The Computer Journal} }
@String { CompPhys            = {Journal of Computational Physics} }
@String { CompServ            = {Comput. Surveys} }
@String { CompStruct          = {Computers and Structures} }
@String { CompSysSci          = {Journal of Computer and System Sciences} }
@String { Computer            = {{IEEE} Computer} }
@String { Computing           = {Computing} }
@String { ContempMath         = {Contemporary Mathematics} }
@String { Crelle              = {Crelle's Journal} }
@String { DoverPub            = {Dover Publications} }
@String { Eyolles             = {Eyolles} }
@String { GiornaleMath        = {Giornale di Mathematiche} }
@String { HoltRinehartWinston = {Holt, Rinehart and Winston} }
@String { IEEESpec            = {{IEEE} Spectrum} }
@String { IEEETransAC         = {{IEEE} Transactions on Automatic Control} }
@String { IEEETransAeroElec   = {{IEEE} Transactions on Aerospace and Electronic
 Systems} }
@String { IEEETransComp       = {{IEEE} Transactions on Computers} }
@String { IMANumerAna         = {{IMA} Journal of Numerical Analysis} }
@String { InfProcLet          = {Information Processing Letters} }
@String { InstMathApp         = {Journal of the Institute of Mathematics and
 its Applications} }
@String { IntControl          = {International Journal of Control} }
@String { Interscience        = {Interscience} }
@String { IntNumerEng         = {International Journal for Numerical Methods in
 Engineering} }
@String { IntSuper            = {International Journal of Supercomputing Applications} }
@String { JACM                = {J. ACM} }
@String { JohnsHopkinsPress   = {The Johns Hopkins University Press} }
@String { JohnWileySons       = {John Wiley and Sons} }
@String { JResNatBurStand     = {Journal of Research of the National Bureau
 of Standards} }
@String { JSIAM               = {Journal of the Society for Industrial and Applied
 Mathematics} }
@String { JSIAMB              = {Journal of the Society for Industrial and Applied
 Mathematics, Series B, Numerical Analysis} }
@String { Kibernetika         = {Kibernetika} }
@String { LinAlgApp           = {Linear Algebra and its Applications} }
@String { Macmillan           = {Macmillan} }
@String { MathAnaAppl         = {Journal of Mathematical Analysis and Applications} }
@String { MathAnnalen         = {Mathematische Annalen} }
@String { MathComp            = {Mathematics of Computation} }
@String { MathPhys            = {Journal of Mathematical Physics} }
@String { MathScand           = {Mathematica Scandinavica} }
@String { MathWorks           = {The Math Works Inc.} }
@String { McGrawHill          = {McGraw-Hill} }
@String { NatBurStd           = {National Bureau of Standards} }
@String { NorthHolland        = {North-Holland} }
@String { NumerMath           = {Numerische Mathematik} }
@String { OxfordPress         = {Oxford University Press} }
@String { PacificMath         = {Pacific Journal of Mathematics} }
@String { ParComputing        = {Parallel Computing} }
@String { ParDistComp         = {Journal of Parallel and Distributed Computing} }
@String { PergamonPress       = {Pergamon Press} }
@String { PhilMag             = {Philosophical Magazine} }
@String { PlenumPress         = {Plenum Press} }
@String { PrenticeHall        = {Prentice-Hall} }
@String { ProcAMS             = {Proceedings of the American Mathematical Society} }
@String { ProcIEEE            = {Proceedings of the {IEEE}} }
@String { ProcNAS             = {Proceedings of the National Academy of Sciences
 of the USA} }
@String { Psychometrika       = {Psychometrika} }
@String { QuartApplMath       = {Quarterly of Applied Mathematics} }
@String { QuartMath           = {Quarterly Journal of Mathematics, Oxford, Series (2)} }
@String { RevueInstStat       = {Review of the International Statisical Institute} }
@String { SIAMAlgMeth         = {{SIAM} Journal on Algebraic and Discrete Methods} }
@String { SIAMAppMath         = {{SIAM} Journal on Applied Mathematics} }
@String { SIAMComp            = {{SIAM} Journal on Computing} }
@String { SIAMMatrix          = {{SIAM} Journal on Matrix Analysis and Applications} }
@String { SIAMNumAnal         = {{SIAM} Journal on Numerical Analysis} }
@String { SIAMPub             = {{SIAM} Publications} }
@String { SIAMReview          = {{SIAM} Review} }
@String { SIAMSciStat         = {{SIAM} Journal on Scientific and Statistical
 Computing} }
@String { SIGNUM              = {{ACM} {SIGNUM} Newsletter} }
@String { SoftPracExp         = {Software Practice and Experience} }
@String { Springer            = {Springer-Verlag} }
@String { StatScience         = {Statistical Science} }
@String { TablesAidsComp      = {Mathematical Tables and Other Aids to Computation} }
@String { Techno              = {Technometrics} }
@String { TexasPress          = {University of Texas Press} }
@String { TransAMS            = {Transactions of the American Mathematical Society} }
@String { USSRCompMathPhys    = {{USSR} Computational Mathematics and Mathematical
 Physics} }
@String { VanNostrand         = {Van Nostrand} }
@String { VLSICompSys         = {Journal of {VLSI} and Computer Systems} }
@String { WHFreeman           = {W. H. Freeman and Co.} }
@String { ZAngewMathMech      = {Zeitschrift fur Angewandte Mathematik und
 Mechanik} }
@String { ZAngewMathPhys      = {Zeitschrift fur Angewandte Mathematik und Physik} }

@InProceedings{Barrett:2004:FSC:1031607.1031672,
  Title                    = {Field Studies of Computer System Administrators: Analysis of System Management Tools and Practices},
  Author                   = {Barrett, Rob and Kandogan, Eser and Maglio, Paul P. and Haber, Eben M. and Takayama, Leila A. and Prabaker, Madhu},
  Booktitle                = {Proceedings of the 2004 ACM Conference on Computer Supported Cooperative Work},
  Year                     = {2004},

  Address                  = {New York, NY, USA},
  Pages                    = {388--395},
  Publisher                = {ACM},
  Series                   = {CSCW '04},

  Acmid                    = {1031672},
  Doi                      = {10.1145/1031607.1031672},
  ISBN                     = {1-58113-810-5},
  Keywords                 = {collaboration, command-line interfaces, ethnography, situation awareness, system administration},
  Location                 = {Chicago, Illinois, USA},
  Numpages                 = {8},
  Url                      = {http://doi.acm.org.eaccess.ub.tum.de/10.1145/1031607.1031672}
}

@InProceedings{Dart:1991:CCM:111062.111063,
  Title                    = {Concepts in Configuration Management Systems},
  Author                   = {Dart, Susan},
  Booktitle                = {Proceedings of the 3rd International Workshop on Software Configuration Management},
  Year                     = {1991},

  Address                  = {New York, NY, USA},
  Pages                    = {1--18},
  Publisher                = {ACM},
  Series                   = {SCM '91},

  Acmid                    = {111063},
  Doi                      = {10.1145/111062.111063},
  ISBN                     = {0-89791-429-5},
  Location                 = {Trondheim, Norway},
  Numpages                 = {18},
  Url                      = {http://doi.acm.org/10.1145/111062.111063}
}

@InProceedings{delaet2010survey,
  Title                    = {A survey of system configuration tools},
  Author                   = {Delaet, Thomas and Joosen, Wouter and Vanbrabant, Bart},
  Booktitle                = {Proceedings of the 23rd Large Installations Systems Administration (LISA) conference},
  Year                     = {2010},
  Organization             = {Usenix association},
  Pages                    = {1--14}
}

@InBook{HÃ¼ttermann2012,
  Title                    = {Infrastructure as Code},
  Author                   = {H{\"u}ttermann, Michael},
  Pages                    = {135--156},
  Publisher                = {Apress},
  Year                     = {2012},

  Address                  = {Berkeley, CA},

  Abstract                 = {Recent years have seen the rise of disciplines like continuous integration, test driven development, build/deployment automation, and more. All of these had a purpose to automate as many parts as possible of the lifecycle of a software product. However, the main focus often is the software itself, and the infrastructure on which the software runs is still quite often a ``work of art.''},
  Booktitle                = {DevOps for Developers},
  Doi                      = {10.1007/978-1-4302-4570-4_9},
  ISBN                     = {978-1-4302-4570-4},
  Url                      = {https://doi.org/10.1007/978-1-4302-4570-4_9}
}

@InProceedings{Hintsch2016ARO,
  Title                    = {A Review of the Literature on Configuration Management Tools},
  Author                   = {Johannes Hintsch and Carsten G{\"o}rling and Klaus Turowski},
  Booktitle                = {CONF-IRM},
  Year                     = {2016}
}

@Electronic{puppetcomapache,
  Title                    = {Relicensing Puppet to Apache 2.0},
  Author                   = {Luke Kanies},
  Language                 = {english},
  Month                    = {April},
  Url                      = {https://puppet.com/blog/relicensing-puppet-to-apache-2-0},
  Year                     = {2011},

  Timestamp                = {2018.07.07}
}

@Article{kanies2006puppet,
  Title                    = {Puppet: Next-generation configuration management},
  Author                   = {Kanies, Luke},
  Journal                  = {; login:: the magazine of USENIX \& SAGE},
  Year                     = {2006},
  Number                   = {1},
  Pages                    = {19--25},
  Volume                   = {31},

  Publisher                = {USENIX Association}
}

@MastersThesis{pandey2012investigating,
  Title                    = {Investigating community, reliability and usability of cfengine, chef and puppet},
  Author                   = {Pandey, Sudhir},
  Year                     = {2012}
}

@Electronic{chefcomannouncement,
  Title                    = {Announcing Chef},
  Author                   = {Jesse Robbins},
  Language                 = {English},
  Month                    = {January},
  Organization             = {Opscode},
  Url                      = {https://blog.chef.io/2009/01/15/announcing-chef/},
  Year                     = {2009},

  Owner                    = {foxtrot},
  Timestamp                = {2018.07.07}
}

@Book{Zamboni:2012:LCA:2341102,
  Title                    = {Learning CFEngine 3: Automated System Administration for Sites of Any Size},
  Author                   = {Zamboni, Diego},
  Publisher                = {O'Reilly Media, Inc.},
  Year                     = {2012},

  ISBN                     = {1449312209, 9781449312206}
}

@Electronic{chefcustomresources,
  Title                    = {Chef: Custom Resource},
  Url                      = {https://docs.chef.io/custom_resources.html},

  Owner                    = {dfederschmidt},
  Timestamp                = {2018.07.17}
}

@Electronic{chefiocommonfunc,
  Title                    = {Common Functionality},
  Language                 = {English},
  Url                      = {https://docs.chef.io/resource_common.html},

  Owner                    = {foxtrot},
  Timestamp                = {2018.07.10}
}

@Electronic{chefiocookbooks,
  Title                    = {About Cookbooks},
  Language                 = {English},
  Url                      = {https://docs.chef.io/cookbooks.html},

  Owner                    = {foxtrot},
  Timestamp                = {2018.07.08}
}

@Electronic{chefiodatasheet,
  Title                    = {chef datasheet},
  HowPublished             = {pdf},
  Language                 = {English},
  Organization             = {chef.io},
  Url                      = {https://pages.chef.io/rs/255-VFB-268/images/chef-datasheet.pdf},

  Owner                    = {foxtrot},
  Timestamp                = {2018.07.11}
}

@Electronic{chefiorecipe,
  Title                    = {About Recipes},
  Language                 = {English},
  Url                      = {https://docs.chef.io/recipes.html},

  Owner                    = {foxtrot},
  Timestamp                = {2018.07.08}
}

@Electronic{chefioresource,
  Title                    = {About resources},
  Language                 = {English},
  Url                      = {https://docs.chef.io/resource.html},

  Owner                    = {foxtrot},
  Timestamp                = {2018.07.08}
}

@Electronic{githubabout,
  Title                    = {About Github},
  Language                 = {English},
  Organization             = {GitHub},
  Url                      = {https://github.com/about},

  Owner                    = {foxtrot},
  Timestamp                = {2018.07.11}
}

@Electronic{githubchef,
  Title                    = {Github Chef Docs},
  Url                      = {https://github.com/chef/chef-web-docs},

  Owner                    = {foxtrot},
  Timestamp                = {2018.07.11}
}

@Electronic{githubchefpulse,
  Title                    = {Github: Chef insights/pulse},
  Language                 = {English},
  Organization             = {GitHub},
  Url                      = {https://github.com/chef/chef/pulse/monthly},

  Owner                    = {foxtrot},
  Timestamp                = {2018.07.11}
}

@Electronic{githubpuppet,
  Title                    = {Github Puppet Docs},
  Organization             = {GitHub},
  Url                      = {https://github.com/puppetlabs/puppet-docs/},

  Owner                    = {foxtrot},
  Timestamp                = {2018.07.11}
}

@Electronic{githubpuppetpulse,
  Title                    = {GitHub Puppet insights/pulse},
  Organization             = {GitHub},
  Url                      = {https://github.com/puppetlabs/puppet/pulse/monthly},

  Owner                    = {foxtrot},
  Timestamp                = {2018.07.11}
}

@Electronic{googlepuppetvschef,
  Title                    = {Google Trends: Chef, Puppet},
  HowPublished             = {online},
  Language                 = {Deutsch},
  Organization             = {Google},
  Url                      = {https://trends.google.com/trends/explore?date=all&geo=US&q=%2Fm%2F05zxlz3,%2Fm%2F03d3cjz},

  Owner                    = {foxtrot},
  Timestamp                = {2018.07.11}
}

@Electronic{kitchen,
  Title                    = {Kitchen},
  Url                      = {https://kitchen.ci/},

  Owner                    = {dfederschmidt},
  Timestamp                = {2018.07.17}
}

@Electronic{mcollective,
  Title                    = {Marionette Collective},
  Url                      = {https://puppet.com/docs/mcollective/current/index.html},

  Owner                    = {dfederschmidt},
  Timestamp                = {2018.07.16}
}

@Electronic{mittechreviewrobbins,
  Title                    = {Jesse Robbins},
  Language                 = {English},
  Organization             = {MIT Technology Review},
  Url                      = {http://www2.technologyreview.com/tr35/profile.aspx?TRID=1108},

  Owner                    = {foxtrot},
  Timestamp                = {2018.07.07}
}

@Electronic{puppetcomenterprise,
  Title                    = {Puppet Enterprise and Open Source Puppet},
  Language                 = {english},
  Url                      = {https://puppet.com/products/why-puppet/puppet-enterprise-and-open-source-puppet},

  Owner                    = {foxtrot},
  Timestamp                = {2018.07.07}
}

@Electronic{puppetcomlangsum,
  Title                    = {Language: Basics},
  Language                 = {Englished},
  Url                      = {https://puppet.com/docs/puppet/5.5/lang_summary.html},

  Owner                    = {foxtrot},
  Timestamp                = {2018.07.07}
}

@Electronic{puppetcomlifecycle,
  Title                    = {Puppet Enterprise lifecycle},
  Language                 = {English},
  Url                      = {https://puppet.com/misc/puppet-enterprise-lifecycle},

  Owner                    = {foxtrot},
  Timestamp                = {2018.07.11}
}

@Electronic{puppetcommetaparameter,
  Title                    = {Metaparameter Reference},
  Language                 = {english},
  Url                      = {https://puppet.com/docs/puppet/5.5/metaparameter.html},

  Owner                    = {foxtrot},
  Timestamp                = {2018.07.10}
}

@Electronic{puppetcomresource,
  Title                    = {About Resource Types},
  Url                      = {https://puppet.com/docs/puppet/5.5/type.html},

  Owner                    = {foxtrot},
  Timestamp                = {2018.07.08}
}

@Electronic{puppetcustomtypes,
  Title                    = {Puppet: Custom Types},
  Url                      = {https://puppet.com/docs/puppet/5.5/custom_types.html},

  Owner                    = {dfederschmidt},
  Timestamp                = {2018.07.17}
}

@Electronic{puppetrubydsl,
  Title                    = {Puppet: Ruby DSL},
  Url                      = {https://puppet.com/blog/ruby-dsl},

  Owner                    = {dfederschmidt},
  Timestamp                = {2018.07.17}
}

@Electronic{verifypuppet,
  Title                    = {Verifying Puppet: Checking Syntax and Writing Automated Tests},
  Url                      = {https://puppet.com/blog/verifying-puppet-checking-syntax-and-writing-automated-tests},

  Owner                    = {dfederschmidt},
  Timestamp                = {2018.07.17}
}

@Electronic{whyrun,
  Title                    = {Why why-run mode is considered harmfule},
  Url                      = {https://blog.chef.io/2018/03/14/why-why-run-mode-is-considered-harmful/},

  Owner                    = {dfederschmidt},
  Timestamp                = {2018.07.17}
}

@Electronic{,
  Title                    = {Puppet Language: Bas},
  Url                      = {https://puppet.com/docs/puppet/5.2/lang_summary.html},

  Owner                    = {dfederschmidt},
  Timestamp                = {2018.07.17}
}

@Book{1983ansi,
  Title                    = {ANSI/ IEEE Std 729-1983: IEEE Standard Glossary of Software Engineering Terminology},
  Publisher                = {IEEE.},
  Year                     = {1983},

  Url                      = {https://books.google.at/books?id=7OJQnQAACAAJ}
}

